%The book about how to conduct case studies
@book{case_study_guide,
  title={Case study research: Design and methods},
  author={Yin, Robert K},
  year={2013},
  publisher={Sage publications}
}

%About the MLR
@article{multivocal_literature_review,
  title={Towards rigor in reviews of multivocal literatures: Applying the exploratory case study method},
  author={Ogawa, Rodney T and Malen, Betty},
  journal={Review of Educational Research},
  volume={61},
  number={3},
  pages={265--286},
  year={1991},
  publisher={Sage Publications}
}

%Systematic Literature review
@techreport{slr,
  title={Guidelines for performing systematic literature reviews in software engineering},
  author={Keele, Staffs},
  year={2007},
  institution={Technical report, EBSE Technical Report EBSE-2007-01}
}

%Interview guidelines
@article{interview_guideline,
  title={The qualitative interview in IS research: Examining the craft},
  author={Myers, Michael D and Newman, Michael},
  journal={Information and organization},
  volume={17},
  number={1},
  pages={2--26},
  year={2007},
  publisher={Elsevier}
}

% Case study guidelines specific for software engineering
@book{case_study_software_engineering,
  title={Case study research in software engineering: Guidelines and examples},
  author={Runeson, Per and Host, Martin and Rainer, Austen and Regnell, Bjorn},
  year={2012},
  publisher={John Wiley \& Sons}
}

% article about how to perform coding
@article{qualitative_inquiry,
  title={Qualitative methods in empirical studies of software engineering},
  author={Seaman, Carolyn B.},
  journal={Software Engineering, IEEE Transactions on},
  volume={25},
  number={4},
  pages={557--572},
  year={1999},
  publisher={IEEE}
}

@article{coding_guidelines,
  title={Grounded theory research: Procedures, canons, and evaluative criteria},
  author={Corbin, Juliet M and Strauss, Anselm},
  journal={Qualitative sociology},
  volume={13},
  number={1},
  pages={3--21},
  year={1990},
  publisher={Springer}
}

% Validity
@article{validity_threats,
  title={Research methods knowledge base},
  author={Trochim, William MK and Donnelly, James P}
}

%Pattern matching
@article{pattern_matching,
  title={Outcome pattern matching and program theory},
  author={Trochim, William MK},
  journal={Evaluation and program planning},
  volume={12},
  number={4},
  pages={355--366},
  year={1989},
  publisher={Elsevier}
}

%Informal interview
@article{informal_interview,
  title={Exploring comprehensibility and manageability in palliative home care: an interview study of dying cancer patients' informal carers},
  author={Milberg, Anna and Strang, Peter},
  journal={Psycho-Oncology},
  volume={13},
  number={9},
  pages={605--618},
  year={2004},
  publisher={Wiley Online Library}
}

@article{general_guidelines_for_interview,
  title={General guidelines for conducting interviews},
  author={McNamara, Carter},
  journal={Retrieved December},
  volume={20},
  pages={2003},
  year={1999}
}

@article{thematic_analysis,
  title={Using thematic analysis in psychology},
  author={Braun, Virginia and Clarke, Victoria},
  journal={Qualitative research in psychology},
  volume={3},
  number={2},
  pages={77--101},
  year={2006},
  publisher={Taylor \& Francis}
}

@inproceedings{thematic_synthesis,
  title={Recommended steps for thematic synthesis in software engineering},
  author={Cruzes, Daniela S and Dyb{\aa}, Tore},
  booktitle={Empirical Software Engineering and Measurement (ESEM), 2011 International Symposium on},
  pages={275--284},
  year={2011},
  organization={IEEE}
}


@article{metrics_paper,
  title={A framework for developing measurement systems and its industrial evaluation},
  author={Staron, Miroslaw and Meding, Wilhelm and Nilsson, Christer},
  journal={Information and Software Technology},
  volume={51},
  number={4},
  pages={721--737},
  year={2009},
  publisher={Elsevier}
}